<?xml version="1.0" encoding="UTF-8"?><collection xmlns="http://www.loc.gov/MARC21/slim"><record><leader>00499nam--2200181-i-4500</leader><controlfield tag="001">000010305</controlfield><controlfield tag="002">20161230</controlfield><controlfield tag="005">20161230201028</controlfield><controlfield tag="008">060222s1000------------r-----000-0-eng-d</controlfield><datafield ind1=" " ind2=" " tag="040"><subfield code="a">IFIN-HH</subfield></datafield><datafield ind1=" " ind2=" " tag="080"><subfield code="a">534:621.375.826:774.8</subfield></datafield><datafield ind1="1" ind2=" " tag="100"><subfield code="a">Hildebrand, B.P</subfield></datafield><datafield ind1="1" ind2="0" tag="245"><subfield code="a">An introduction to acoustical holography</subfield><subfield code="c">B.p. hildebrand, b.b. brenden</subfield></datafield><datafield ind1=" " ind2=" " tag="260"><subfield code="a">London</subfield><subfield code="b">Adam Hilger Ltd</subfield><subfield code="c">1972</subfield></datafield><datafield ind1=" " ind2=" " tag="300"><subfield code="a">XII + 224 P</subfield></datafield><datafield ind1="1" ind2=" " tag="700"><subfield code="a">Brenden, B.B</subfield></datafield><datafield ind1=" " ind2=" " tag="852"><subfield code="a">37568</subfield><subfield code="c">534</subfield></datafield><datafield ind1=" " ind2=" " tag="CAT"><subfield code="a">Sys</subfield><subfield code="c">20101021</subfield><subfield code="h">144256</subfield></datafield></record></collection>